@inproceedings{krahenbuhl-etal-2011-efficient,
  title     = {Efficient Inference in Fully Connected CRFs with Gaussian Edge Potentials},
  author    = {Kr\"{a}henb\"{u}hl, Philipp and Koltun, Vladlen},
  editor    = {J. Shawe-Taylor and R. Zemel and P. Bartlett and F. Pereira and K. Q. Weinberger},
  booktitle = {Advances in NIPS},
  year      = {2011},
  address   = {Granada, Spain},
  publisher = {Curran Associates, Inc.},
  pages     = {109--117}
}

@phdthesis{li-2013-chinese-dep,
  title  = {汉语依存句法分析关键技术研究},
  author = {李正华},
  year   = {2013},
  school = {哈尔滨工业大学}
}

@article{hermann2015teaching,
  title={Teaching machines to read and comprehend},
  author={Hermann, Karl Moritz and Ko{\v{c}}isk{\`y}, Tom{\'a}{\v{s}} and Grefenstette, Edward and Espeholt, Lasse and Kay, Will and Suleyman, Mustafa and Blunsom, Phil},
  journal={arXiv preprint arXiv:1506.03340},
  year={2015}
}

@article{vaswani2017attention,
  title={Attention is all you need},
  author={Vaswani, Ashish and Shazeer, Noam and Parmar, Niki and Uszkoreit, Jakob and Jones, Llion and Gomez, Aidan N and Kaiser, Lukasz and Polosukhin, Illia},
  journal={arXiv preprint arXiv:1706.03762},
  year={2017}
}

@article{rajpurkar2016squad,
  title={Squad: 100,000+ questions for machine comprehension of text},
  author={Rajpurkar, Pranav and Zhang, Jian and Lopyrev, Konstantin and Liang, Percy},
  journal={arXiv preprint arXiv:1606.05250},
  year={2016}
}

@article{xie2019unsupervised,
  title={Unsupervised data augmentation for consistency training},
  author={Xie, Qizhe and Dai, Zihang and Hovy, Eduard and Luong, Minh-Thang and Le, Quoc V},
  journal={arXiv preprint arXiv:1904.12848},
  year={2019}
}

@article{joshi2019bert,
  title={BERT for coreference resolution: Baselines and analysis},
  author={Joshi, Mandar and Levy, Omer and Weld, Daniel S and Zettlemoyer, Luke},
  journal={arXiv preprint arXiv:1908.09091},
  year={2019}
}

@article{beltagy2020longformer,
  title={Longformer: The long-document transformer},
  author={Beltagy, Iz and Peters, Matthew E and Cohan, Arman},
  journal={arXiv preprint arXiv:2004.05150},
  year={2020}
}

@article{zaheer2020big,
  title={Big bird: Transformers for longer sequences},
  author={Zaheer, Manzil and Guruganesh, Guru and Dubey, Avinava and Ainslie, Joshua and Alberti, Chris and Ontanon, Santiago and Pham, Philip and Ravula, Anirudh and Wang, Qifan and Yang, Li and others},
  journal={arXiv preprint arXiv:2007.14062},
  year={2020}
}

@article{ding2020ernie,
  title={ERNIE-DOC: The Retrospective Long-Document Modeling Transformer},
  author={Ding, Siyu and Shang, Junyuan and Wang, Shuohuan and Sun, Yu and Tian, Hao and Wu, Hua and Wang, Haifeng},
  journal={arXiv preprint arXiv:2012.15688},
  year={2020}
}

@incollection{atkinson1968human,
  title={Human memory: A proposed system and its control processes},
  author={Atkinson, Richard C and Shiffrin, Richard M},
  booktitle={Psychology of learning and motivation},
  volume={2},
  pages={89--195},
  year={1968},
  publisher={Elsevier}
}

@article{trischler2016newsqa,
  title={Newsqa: A machine comprehension dataset},
  author={Trischler, Adam and Wang, Tong and Yuan, Xingdi and Harris, Justin and Sordoni, Alessandro and Bachman, Philip and Suleman, Kaheer},
  journal={arXiv preprint arXiv:1611.09830},
  year={2016}
}

@article{devlin2018bert,
  title={Bert: Pre-training of deep bidirectional transformers for language understanding},
  author={Devlin, Jacob and Chang, Ming-Wei and Lee, Kenton and Toutanova, Kristina},
  journal={arXiv preprint arXiv:1810.04805},
  year={2018}
}

@article{joshi2020spanbert,
  title={Spanbert: Improving pre-training by representing and predicting spans},
  author={Joshi, Mandar and Chen, Danqi and Liu, Yinhan and Weld, Daniel S and Zettlemoyer, Luke and Levy, Omer},
  journal={Transactions of the Association for Computational Linguistics},
  volume={8},
  pages={64--77},
  year={2020},
  publisher={MIT Press}
}

@article{tay2018densely,
  title={Densely connected attention propagation for reading comprehension},
  author={Tay, Yi and Tuan, Luu Anh and Hui, Siu Cheung and Su, Jian},
  journal={arXiv preprint arXiv:1811.04210},
  year={2018}
}

@article{liu2019roberta,
  title={Roberta: A robustly optimized bert pretraining approach},
  author={Liu, Yinhan and Ott, Myle and Goyal, Naman and Du, Jingfei and Joshi, Mandar and Chen, Danqi and Levy, Omer and Lewis, Mike and Zettlemoyer, Luke and Stoyanov, Veselin},
  journal={arXiv preprint arXiv:1907.11692},
  year={2019}
}

@article{lan2019albert,
  title={Albert: A lite bert for self-supervised learning of language representations},
  author={Lan, Zhenzhong and Chen, Mingda and Goodman, Sebastian and Gimpel, Kevin and Sharma, Piyush and Soricut, Radu},
  journal={arXiv preprint arXiv:1909.11942},
  year={2019}
}

@article{zhang2020retrospective,
  title={Retrospective reader for machine reading comprehension},
  author={Zhang, Zhuosheng and Yang, Junjie and Zhao, Hai},
  journal={arXiv preprint arXiv:2001.09694},
  year={2020}
}

@article{wang2015learning,
  title={Learning natural language inference with LSTM},
  author={Wang, Shuohang and Jiang, Jing},
  journal={arXiv preprint arXiv:1512.08849},
  year={2015}
}

@article{seo2016bidirectional,
  title={Bidirectional attention flow for machine comprehension},
  author={Seo, Minjoon and Kembhavi, Aniruddha and Farhadi, Ali and Hajishirzi, Hannaneh},
  journal={arXiv preprint arXiv:1611.01603},
  year={2016}
}

@inproceedings{kundu2018question,
  title={A question-focused multi-factor attention network for question answering},
  author={Kundu, Souvik and Ng, Hwee Tou},
  booktitle={Proceedings of the AAAI Conference on Artificial Intelligence},
  volume={32},
  number={1},
  year={2018}
}

@inproceedings{mikolov2010recurrent,
  title={Recurrent neural network based language model},
  author={Mikolov, Tom{\'a}{\v{s}} and Karafi{\'a}t, Martin and Burget, Luk{\'a}{\v{s}} and {\v{C}}ernock{\`y}, Jan and Khudanpur, Sanjeev},
  booktitle={Eleventh annual conference of the international speech communication association},
  year={2010}
}

@article{ding2020cogltx,
  title={CogLTX: Applying BERT to Long Texts},
  author={Ding, Ming and Zhou, Chang and Yang, Hongxia and Tang, Jie},
  journal={Advances in Neural Information Processing Systems},
  volume={33},
  year={2020}
}

@article{wu2016google,
  title={Google's neural machine translation system: Bridging the gap between human and machine translation},
  author={Wu, Yonghui and Schuster, Mike and Chen, Zhifeng and Le, Quoc V and Norouzi, Mohammad and Macherey, Wolfgang and Krikun, Maxim and Cao, Yuan and Gao, Qin and Macherey, Klaus and others},
  journal={arXiv preprint arXiv:1609.08144},
  year={2016}
}

@inproceedings{richardson2013mctest,
  title={Mctest: A challenge dataset for the open-domain machine comprehension of text},
  author={Richardson, Matthew and Burges, Christopher JC and Renshaw, Erin},
  booktitle={Proceedings of the 2013 conference on empirical methods in natural language processing},
  pages={193--203},
  year={2013}
}

@article{ran2019option,
  title={Option comparison network for multiple-choice reading comprehension},
  author={Ran, Qiu and Li, Peng and Hu, Weiwei and Zhou, Jie},
  journal={arXiv preprint arXiv:1903.03033},
  year={2019}
}

@inproceedings{zhang2020dcmn+,
  title={DCMN+: Dual co-matching network for multi-choice reading comprehension},
  author={Zhang, Shuailiang and Zhao, Hai and Wu, Yuwei and Zhang, Zhuosheng and Zhou, Xi and Zhou, Xiang},
  booktitle={Proceedings of the AAAI Conference on Artificial Intelligence},
  volume={34},
  number={05},
  pages={9563--9570},
  year={2020}
}

@article{pang2021quality,
  title={QuALITY: Question Answering with Long Input Texts, Yes!},
  author={Pang, Richard Yuanzhe and Parrish, Alicia and Joshi, Nitish and Nangia, Nikita and Phang, Jason and Chen, Angelica and Padmakumar, Vishakh and Ma, Johnny and Thompson, Jana and He, He and others},
  journal={arXiv preprint arXiv:2112.08608},
  year={2021}
}

@misc{daniel2017thinking,
  title={Thinking, fast and slow},
  author={Daniel, Kahneman},
  year={2017}
}

@article{lai2017race,
  title={Race: Large-scale reading comprehension dataset from examinations},
  author={Lai, Guokun and Xie, Qizhe and Liu, Hanxiao and Yang, Yiming and Hovy, Eduard},
  journal={arXiv preprint arXiv:1704.04683},
  year={2017}
}

@article{karpukhin2020dense,
  title={Dense passage retrieval for open-domain question answering},
  author={Karpukhin, Vladimir and O{\u{g}}uz, Barlas and Min, Sewon and Lewis, Patrick and Wu, Ledell and Edunov, Sergey and Chen, Danqi and Yih, Wen-tau},
  journal={arXiv preprint arXiv:2004.04906},
  year={2020}
}

@article{sukhbaatar2019augmenting,
  title={Augmenting self-attention with persistent memory},
  author={Sukhbaatar, Sainbayar and Grave, Edouard and Lample, Guillaume and Jegou, Herve and Joulin, Armand},
  journal={arXiv preprint arXiv:1907.01470},
  year={2019}
}

@article{hendrycks2016gaussian,
  title={Gaussian error linear units (gelus)},
  author={Hendrycks, Dan and Gimpel, Kevin},
  journal={arXiv preprint arXiv:1606.08415},
  year={2016}
}

@article{gao2021simcse,
  title={Simcse: Simple contrastive learning of sentence embeddings},
  author={Gao, Tianyu and Yao, Xingcheng and Chen, Danqi},
  journal={arXiv preprint arXiv:2104.08821},
  year={2021}
}

@article{he2021debertav3,
  title={Debertav3: Improving deberta using electra-style pre-training with gradient-disentangled embedding sharing},
  author={He, Pengcheng and Gao, Jianfeng and Chen, Weizhu},
  journal={arXiv preprint arXiv:2111.09543},
  year={2021}
}

@inproceedings{hershey2007approximating,
  title={Approximating the Kullback Leibler divergence between Gaussian mixture models},
  author={Hershey, John R and Olsen, Peder A},
  booktitle={2007 IEEE International Conference on Acoustics, Speech and Signal Processing-ICASSP'07},
  volume={4},
  pages={IV--317},
  year={2007},
  organization={IEEE}
}

@article{Liu2019NeuralMR,
  title={Neural Machine Reading Comprehension: Methods and Trends},
  author={Shanshan Liu and Xin Zhang and Sheng Zhang and Hui Wang and Weiming Zhang},
  journal={ArXiv},
  year={2019},
  volume={abs/1907.01118}
}

@article{Zhang2020MachineRC,
  title={Machine Reading Comprehension: The Role of Contextualized Language Models and Beyond},
  author={Zhuosheng Zhang and Hai Zhao and Rui Wang},
  journal={ArXiv},
  year={2020},
  volume={abs/2005.06249}
}

@inproceedings{Cui2019ASD,
  title={A Span-Extraction Dataset for Chinese Machine Reading Comprehension},
  author={Yiming Cui and Ting Liu and Li Xiao and Zhipeng Chen and Wentao Ma and Wanxiang Che and Shijin Wang and Guoping Hu},
  booktitle={EMNLP-IJCNLP},
  year={2019}
}

@article{Li2021KeywordEM,
  title={Keyword extraction method for machine reading comprehension based on natural language processing},
  author={Ruiheng Li and Xuan Zhang and Chengdong Li and Zhongju Zheng and Zihang Zhou and Yuyin Geng},
  journal={Journal of Physics: Conference Series},
  year={2021},
  volume={1955}
}

@article{Yu2022SSAGNetSA,
  title={SSAG-Net: Syntactic and Semantic Attention-Guided Machine Reading Comprehension},
  author={Chenxi Yu and Xin Li},
  journal={Intelligent Automation \& Soft Computing},
  year={2022}
}

@article{Dong2018ASO,
  title={A Survey on Neural Network-Based Summarization Methods},
  author={Yue Dong},
  journal={ArXiv},
  year={2018},
  volume={abs/1804.04589}
}

@article{Lan2021KnowledgeGI,
  title={Knowledge Graph Integrated Graph Neural Networks for Chinese Medical Text Classification},
  author={Ge Lan and Ye Li and Mengting Hu and Yufei Sun and Yuzhi Zhang},
  journal={2021 IEEE International Conference on Bioinformatics and Biomedicine (BIBM)},
  year={2021},
  pages={682-687}
}

@article{Liu2016RecurrentNN,
  title={Recurrent Neural Network for Text Classification with Multi-Task Learning},
  author={Pengfei Liu and Xipeng Qiu and Xuanjing Huang},
  journal={ArXiv},
  year={2016},
  volume={abs/1605.05101}
}

@article{Trabelsi2021NeuralRM,
  title={Neural ranking models for document retrieval},
  author={Mohamed Ali Trabelsi and Zhiyu Chen and Brian D. Davison and Jeff Heflin},
  journal={Information Retrieval Journal},
  year={2021},
  volume={24},
  pages={400 - 444}
}

@inproceedings{Ebersbach2016ArtificialNN,
  title={Artificial Neural Networks In Real Life Applications},
  author={Susanne Ebersbach},
  year={2016}
}

@inproceedings{Rajpurkar2018KnowWY,
  title={Know What You Don’t Know: Unanswerable Questions for SQuAD},
  author={Pranav Rajpurkar and Robin Jia and Percy Liang},
  booktitle={Annual Meeting of the Association for Computational Linguistics},
  year={2018}
}

@inproceedings{Yang2018HotpotQAAD,
  title={HotpotQA: A Dataset for Diverse, Explainable Multi-hop Question Answering},
  author={Zhilin Yang and Peng Qi and Saizheng Zhang and Yoshua Bengio and William W. Cohen and Ruslan Salakhutdinov and Christopher D. Manning},
  booktitle={Conference on Empirical Methods in Natural Language Processing},
  year={2018}
}

@article{Seo2016BidirectionalAF,
  title={Bidirectional Attention Flow for Machine Comprehension},
  author={Minjoon Seo and Aniruddha Kembhavi and Ali Farhadi and Hannaneh Hajishirzi},
  journal={ArXiv},
  year={2016},
  volume={abs/1611.01603}
}

@article{Shen2016ReasoNetLT,
  title={ReasoNet: Learning to Stop Reading in Machine Comprehension},
  author={Yelong Shen and Po-Sen Huang and Jianfeng Gao and Weizhu Chen},
  journal={Proceedings of the 23rd ACM SIGKDD International Conference on Knowledge Discovery and Data Mining},
  year={2016}
}

@article{Yu2018QANetCL,
  title={QANet: Combining Local Convolution with Global Self-Attention for Reading Comprehension},
  author={Adams Wei Yu and David Dohan and Minh-Thang Luong and Rui Zhao and Kai Chen and Mohammad Norouzi and Quoc V. Le},
  journal={ArXiv},
  year={2018},
  volume={abs/1804.09541}
}

@article{Wang2016MachineCU,
  title={Machine Comprehension Using Match-LSTM and Answer Pointer},
  author={Shuohang Wang and Jing Jiang},
  journal={ArXiv},
  year={2016},
  volume={abs/1608.07905}
}

@inproceedings{He2017DuReaderAC,
  title={DuReader: a Chinese Machine Reading Comprehension Dataset from Real-world Applications},
  author={Wei He and Kai Liu and Jing Liu and Yajuan Lyu and Shiqi Zhao and Xinyan Xiao and Yuan Liu and Yizhong Wang and Hua Wu and Qiaoqiao She and Xuan Liu and Tian Wu and Haifeng Wang},
  booktitle={QA@ACL},
  year={2017}
}

@article{xu2020clue,
  title={CLUE: A Chinese language understanding evaluation benchmark},
  author={Xu, Liang and Hu, Hai and Zhang, Xuanwei and Li, Lu and Cao, Chenjie and Li, Yudong and Xu, Yechen and Sun, Kai and Yu, Dian and Yu, Cong and others},
  journal={arXiv preprint arXiv:2004.05986},
  year={2020}
}

@article{Chen2022ChineseMR,
  title={Chinese Machine Reading Comprehension Based on Language Model Containing Knowledge},
  author={Wentong Chen and Chunxiao Fan and Yuexin Wu and Yitong Wang},
  journal={Proceedings of the 6th International Conference on Computer Science and Application Engineering},
  year={2022}
}

@article{Ren2022AnUR,
  title={An Understanding-Oriented Robust Machine Reading Comprehension Model},
  author={Feiliang Ren and Yongkang Liu and Bochao Li and Shilei Liu and Bingchao Wang and Jiaqi Wang and Chunchao Liu and Qi Ma},
  journal={ACM Journal of the ACM (JACM)},
  year={2022}
}

@inproceedings{xue2022machine,
  title={Machine Reading Comprehension Model Based on Multi-head Attention Mechanism},
  author={Xue, Yong},
  booktitle={Advanced Intelligent Technologies for Industry: Proceedings of 2nd International Conference on Advanced Intelligent Technologies (ICAIT 2021)},
  pages={45--58},
  year={2022},
  organization={Springer}
}

@inproceedings{Joshi2017TriviaQAAL,
  title={TriviaQA: A Large Scale Distantly Supervised Challenge Dataset for Reading Comprehension},
  author={Mandar Joshi and Eunsol Choi and Daniel S. Weld and Luke Zettlemoyer},
  booktitle={Annual Meeting of the Association for Computational Linguistics},
  year={2017}
}

@article{Kocisk2017TheNR,
  title={The NarrativeQA Reading Comprehension Challenge},
  author={Tom{\'a}s Kocisk{\'y} and Jonathan Schwarz and Phil Blunsom and Chris Dyer and Karl Moritz Hermann and G{\'a}bor Melis and Edward Grefenstette},
  journal={Transactions of the Association for Computational Linguistics},
  year={2017},
  volume={6},
  pages={317-328}
}

@article{Chen2016ATE,
  title={A Thorough Examination of the CNN/Daily Mail Reading Comprehension Task},
  author={Danqi Chen and Jason Bolton and Christopher D. Manning},
  journal={ArXiv},
  year={2016},
  volume={abs/1606.02858}
}

@inproceedings{wang2017r, 
  title={R-NET: Machine Reading Comprehension with Self-matching Networks}, 
  author={Wang, Wenhui and Yang, Nan and Wei, Furu and Chang, Baobao and Zhou, Ming}, 
  booktitle={Proceedings of the 55th Annual Meeting of the Association for Computational Linguistics (Volume 1: Long Papers)}, 
  pages={189–198}, 
  year={2017} 
}

@inproceedings{Wang2017GatedSN,
  title={Gated Self-Matching Networks for Reading Comprehension and Question Answering},
  author={Wenhui Wang and Nan Yang and Furu Wei and Baobao Chang and M. Zhou},
  booktitle={Annual Meeting of the Association for Computational Linguistics},
  year={2017}
}

@article{Karpukhin2020DensePR,
  title={Dense Passage Retrieval for Open-Domain Question Answering},
  author={Vladimir Karpukhin and Barlas Oğuz and Sewon Min and Patrick Lewis and Ledell Yu Wu and Sergey Edunov and Danqi Chen and Wen-tau Yih},
  journal={ArXiv},
  year={2020},
  volume={abs/2004.04906}
}

@article{Dai2019TransformerXLAL,
  title={Transformer-XL: Attentive Language Models beyond a Fixed-Length Context},
  author={Zihang Dai and Zhilin Yang and Yiming Yang and Jaime G. Carbonell and Quoc V. Le and Ruslan Salakhutdinov},
  journal={ArXiv},
  year={2019},
  volume={abs/1901.02860}
}

@inproceedings{Ding2020CogLTXAB,
  title={CogLTX: Applying BERT to Long Texts},
  author={Ming Ding and Chang Zhou and Hongxia Yang and Jie Tang},
  booktitle={Neural Information Processing Systems},
  year={2020}
}

@article{allam2012question,
  title={The question answering systems: A survey},
  author={Allam, Ali Mohamed Nabil and Haggag, Mohamed Hassan},
  year={2012}
}

@article{Kwiatkowski2019NaturalQA,
  title={Natural Questions: A Benchmark for Question Answering Research},
  author={Tom Kwiatkowski and Jennimaria Palomaki and Olivia Redfield and Michael Collins and Ankur P. Parikh and Chris Alberti and Danielle Epstein and Illia Polosukhin and Jacob Devlin and Kenton Lee and Kristina Toutanova and Llion Jones and Matthew Kelcey and Ming-Wei Chang and Andrew M. Dai and Jakob Uszkoreit and Quoc V. Le and Slav Petrov},
  journal={Transactions of the Association for Computational Linguistics},
  year={2019},
  volume={7},
  pages={453-466}
}

@article{Dunn2017SearchQAAN,
  title={SearchQA: A New Q\&A Dataset Augmented with Context from a Search Engine},
  author={Matthew Dunn and Levent Sagun and Mike Higgins and V. Ugur G{\"u}ney and Volkan Cirik and Kyunghyun Cho},
  journal={ArXiv},
  year={2017},
  volume={abs/1704.05179}
}

@inproceedings{Sun2018OpenDQ,
  title={Open Domain Question Answering Using Early Fusion of Knowledge Bases and Text},
  author={Haitian Sun and Bhuwan Dhingra and Manzil Zaheer and Kathryn Mazaitis and Ruslan Salakhutdinov and William W. Cohen},
  booktitle={Conference on Empirical Methods in Natural Language Processing},
  year={2018}
}

@article{SprckJones2021ASI,
  title={A statistical interpretation of term specificity and its application in retrieval},
  author={Karen Sp{\"a}rck Jones},
  journal={J. Documentation},
  year={2021},
  volume={60},
  pages={493-502}
}

@inproceedings{Chen2017ReadingWT,
  title={Reading Wikipedia to Answer Open-Domain Questions},
  author={Danqi Chen and Adam Fisch and Jason Weston and Antoine Bordes},
  booktitle={Annual Meeting of the Association for Computational Linguistics},
  year={2017}
}

@article{lee2019orqa,
  title={ORQA: Open Retrieval Question Answering},
  author={Lee, Kenton and Chang, Ming-Wei and Toutanova, Kristina},
  journal={arXiv preprint arXiv:1906.00300},
  year={2019}
}

@article{Roberts2020HowMK,
  title={How Much Knowledge Can You Pack into the Parameters of a Language Model?},
  author={Adam Roberts and Colin Raffel and Noam M. Shazeer},
  journal={ArXiv},
  year={2020},
  volume={abs/2002.08910}
}

@inproceedings{song2019multi,
  title={Multi-passage Machine Reading Comprehension with Cross-Passage Answer Verification},
  author={Song, Linfeng and Wang, Zhiguo and Hamza, Wael and Gildea, Daniel},
  booktitle={Proceedings of the AAAI Conference on Artificial Intelligence},
  volume={33},
  pages={6079--6086},
  year={2019}
}

@article{ding2019cogqa,
  title={CogQA: A Question Answering System over Comprehensive Knowledge Bases},
  author={Ding, Ming and Zhou, Changsong and Chen, Qibin and Yang, Hongxia and Tang, Jie},
  journal={arXiv preprint arXiv:1905.07129},
  year={2019}
}

@inproceedings{Luo2018KnowledgeBQ,
  title={Knowledge Base Question Answering via Encoding of Complex Query Graphs},
  author={Kangqi Luo and Fengli Lin and Xusheng Luo and Kenny Q. Zhu},
  booktitle={Conference on Empirical Methods in Natural Language Processing},
  year={2018}
}

@article{zhang2021skeleton,
  title={Semantic parsing for complex question answering over knowledge bases},
  author={Zhang, Zhenyu and Zhang, Yansong and Liu, Kang and Sun, Hengyi and Han, Xianpei and Sun, Le},
  journal={Information Processing \& Management},
  volume={58},
  number={5},
  pages={102653},
  year={2021},
  publisher={Elsevier}
}

@inproceedings{Tu2019MultihopRC,
  title={Multi-hop Reading Comprehension across Multiple Documents by Reasoning over Heterogeneous Graphs},
  author={Ming Tu and Guangtao Wang and Jing Huang and Yun Tang and Xiaodong He and Bowen Zhou},
  booktitle={Annual Meeting of the Association for Computational Linguistics},
  year={2019}
}

@article{Severyn2015LearningTR,
  title={Learning to Rank Short Text Pairs with Convolutional Deep Neural Networks},
  author={Aliaksei Severyn and Alessandro Moschitti},
  journal={Proceedings of the 38th International ACM SIGIR Conference on Research and Development in Information Retrieval},
  year={2015}
}

@inproceedings{wu2017sequential,
  title={Sequential matching network: A new architecture for multi-turn response selection in retrieval-based chatbots},
  author={Wu, Yu and Wu, Wei and Yang, Dejian and Xu, Can and Li, Zhoujun},
  booktitle={Proceedings of the 55th Annual Meeting of the Association for Computational Linguistics (Volume 1: Long Papers)},
  pages={496--505},
  year={2017}
}

@article{Gan2019MultistepRV,
  title={Multi-step Reasoning via Recurrent Dual Attention for Visual Dialog},
  author={Zhe Gan and Yu Cheng and Ahmed El Kholy and Linjie Li and Jingjing Liu and Jianfeng Gao},
  journal={ArXiv},
  year={2019},
  volume={abs/1902.00579}
}

@article{Zhou2021AnOD,
  title={An Object Detection Framework for Span Extraction in Question Answering},
  author={Tianyu Zhou and Ping Gong},
  journal={2021 7th IEEE International Conference on Network Intelligence and Digital Content (IC-NIDC)},
  year={2021},
  pages={36-40}
}

@inproceedings{Sordoni2015ANN,
  title={A Neural Network Approach to Context-Sensitive Generation of Conversational Responses},
  author={Alessandro Sordoni and Michel Galley and Michael Auli and Chris Brockett and Yangfeng Ji and Margaret Mitchell and Jian-Yun Nie and Jianfeng Gao and William B. Dolan},
  booktitle={North American Chapter of the Association for Computational Linguistics},
  year={2015}
}

@inproceedings{Moschitti2008KernelsOL,
  title={Kernels on Linguistic Structures for Answer Extraction},
  author={Alessandro Moschitti and Silvia Quarteroni},
  booktitle={Annual Meeting of the Association for Computational Linguistics},
  year={2008}
}

@article{Thomas2022AnAH,
  title={An adaptable, high-performance relation extraction system for complex sentences},
  author={Anu Thomas and Sangeetha Sivanesan},
  journal={Knowl. Based Syst.},
  year={2022},
  volume={251},
  pages={108956}
}

@article{Shi2019SimpleBM,
  title={Simple BERT Models for Relation Extraction and Semantic Role Labeling},
  author={Peng Shi and Jimmy J. Lin},
  journal={ArXiv},
  year={2019},
  volume={abs/1904.05255}
}

@inproceedings{Lample2016NeuralAF,
  title={Neural Architectures for Named Entity Recognition},
  author={Guillaume Lample and Miguel Ballesteros and Sandeep Subramanian and Kazuya Kawakami and Chris Dyer},
  booktitle={North American Chapter of the Association for Computational Linguistics},
  year={2016}
}

@inproceedings{cui-etal-2020-multi,
    title = "Multi-Span Extraction for Multi-Hop Reading Comprehension: A Sequential Approach",
    author = "Cui, Yiming  and
      Liu, Ting  and
      Che, Wanxiang  and
      Wang, Liwei  and
      Hu, Guangwei  and
      Wei, Furu",
    booktitle = "Proceedings of the 58th Annual Meeting of the Association for Computational Linguistics",
    month = jul,
    year = "2020",
    address = "Online",
    publisher = "Association for Computational Linguistics",
    url = "https://www.aclweb.org/anthology/2020.acl-main.662",
    pages = "7319--7331"
}

@article{Zhang2016QuestionAO,
  title={Question Answering over Knowledge Base with Neural Attention Combining Global Knowledge Information},
  author={Yuanzhe Zhang and Kang Liu and Shizhu He and Guoliang Ji and Zhanyi Liu and Hua Wu and Jun Zhao},
  journal={ArXiv},
  year={2016},
  volume={abs/1606.00979}
}

@inproceedings{Lewis2019BARTDS,
  title={BART: Denoising Sequence-to-Sequence Pre-training for Natural Language Generation, Translation, and Comprehension},
  author={Mike Lewis and Yinhan Liu and Naman Goyal and Marjan Ghazvininejad and Abdelrahman Mohamed and Omer Levy and Veselin Stoyanov and Luke Zettlemoyer},
  booktitle={Annual Meeting of the Association for Computational Linguistics},
  year={2019}
}

@inproceedings{Ni2021SentenceT5SS,
  title={Sentence-T5: Scalable Sentence Encoders from Pre-trained Text-to-Text Models},
  author={Jianmo Ni and Gustavo Hern'andez 'Abrego and Noah Constant and Ji Ma and Keith B. Hall and Daniel Matthew Cer and Yinfei Yang},
  booktitle={Findings},
  year={2021}
}

@article{yang2019xlnet,
  title={Xlnet: Generalized autoregressive pretraining for language understanding},
  author={Yang, Zhilin and Dai, Zihang and Yang, Yiming and Carbonell, Jaime and Salakhutdinov, Russ R and Le, Quoc V},
  journal={Advances in neural information processing systems},
  volume={32},
  year={2019}
}

@inproceedings{Fang2019HierarchicalGN,
  title={Hierarchical Graph Network for Multi-hop Question Answering},
  author={Yuwei Fang and S. Sun and Zhe Gan and Rohit Radhakrishna Pillai and Shuohang Wang and Jingjing Liu},
  booktitle={Conference on Empirical Methods in Natural Language Processing},
  year={2019}
}

@article{Tu2019SelectAA,
  title={Select, Answer and Explain: Interpretable Multi-hop Reading Comprehension over Multiple Documents},
  author={Ming Tu and Kevin Huang and Guangtao Wang and Jing Huang and Xiaodong He and Bowen Zhou},
  journal={ArXiv},
  year={2019},
  volume={abs/1911.00484}
}

@inproceedings{Back2021LearningTG,
  title={Learning to Generate Questions by Learning to Recover Answer-containing Sentences},
  author={Seohyun Back and Akhil Kedia and Sai Chetan Chinthakindi and Haejun Lee and Jaegul Choo},
  booktitle={Findings},
  year={2021}
}

@article{Zaratiana2022DyRExDQ,
  title={DyREx: Dynamic Query Representation for Extractive Question Answering},
  author={Urchade Zaratiana and Niama El Khbir and Dennis N{\'u}{\~n}ez-Fern{\'a}ndez and Pierre Holat and Nadi Tomeh and Thierry Charnois},
  journal={ArXiv},
  year={2022},
  volume={abs/2210.15048}
}

